4264 7052
1484 356 2084 509 sparvam
2167 393 3056 519 fosTERtANAE.

783 544 938 621 dum
973 566 1119 616 caro
1150 546 1330 614 unius
1363 542 1641 610 uniretur
1670 544 1745 613 δε
1791 533 2224 611 affimilaretur
2304 534 2462 610 dum
2479 532 2908 610 omniaessent
2923 532 3244 629 completa
3284 572 3309 612 2
3350 551 3613 608 utante:
3628 537 3736 631 xp·

791 636 995 708 alteri.
1043 635 1291 712 Nobilis
1321 630 1424 701 ille
1458 631 1833 703 consensum
1851 626 2224 723 adeptus-est
2307 631 2368 701 se
2384 628 2780 700 animositate
2797 651 2871 698 ac
2888 621 3198 721 patientia
3224 621 3473 697 subibat
3490 631 3749 723 pericu-

782 728 1045 821 alicujus
1081 726 1541 817 mancipiorum
1569 723 1823 793 suorum
1858 744 1977 817 pro
2006 718 2223 815 amplo
2305 722 2442 815 lum
2466 725 2799 817 ,atqueita
2814 719 2989 791 nasus
3006 712 3746 814 continuabatcumipso

787 820 1089 913 promisso
1102 819 1407 889 libertatis
1435 840 1509 888 ac
1534 818 1787 909 praemij
1830 842 1845 873 ε
1878 812 2220 908 Duplicata
2304 813 2388 889 ad
2410 836 2694 887 mortem
2706 815 2920 909 usque·

789 936 941 987 caro
958 910 1285 986 uniebatur
1319 911 1393 983 δε
1421 906 1910 985 eademsnnihs
1941 929 2019 976 ue
2050 904 2219 976 fasta
2396 905 2596 1001 Qd
2618 920 2650 985 ἓ
2692 901 3172 977 Anexistimare
3187 927 3306 976 nos
3345 900 3749 1001 oportethoc

783 1026 920 1075 erat
964 1046 995 1081 2
1028 1010 1100 1075 &
1148 1005 1369 1096 portio
1397 1004 1598 1070 carnis
1637 998 1928 1093 exscinde
2010 1016 2109 1065 tur
2141 1018 2221 1064 ex
2477 998 2695 1070 aetum
2709 1001 2974 1092 Spiritus
3007 998 3140 1067 Dei
3169 1001 3236 1068 in
3255 994 3525 1071 homine
3572 1045 3597 1080 ‚
3633 1020 3743 1075 aut

678 1095 697 1111 ‘
794 1094 1053 1168 brachio
1074 1092 1373 1188 mancipij
1396 1091 1825 1184 ejusacinstar
1839 1087 1964 1160 nafi
1993 1085 2220 1163 Nobili
2301 1023 2732 1183 ggffeptoriam
2777 1112 2852 1161 ae
2915 1088 3374 1182 praestioiosam
3427 1113 3473 1163 o
3620 1097 3746 1165 tio-

782 1187 878 1256 illi
891 1183 1347 1257 efformabatur
1364 1182 2080 1280 ‚ratqueitaachirurgis
2097 1199 2223 1250 tra-
2304 1205 2456 1252 nem
2472 1205 2547 1252 ae
2562 1187 2652 1253 im
2744 1181 2973 1253 sturam
3005 1144 3321 1257 Dia‘boli?
3357 1184 3389 1253 1
3488 1181 3749 1258 ‘cabitur

787 1275 1083 1350 &abatur
1114 1284 1187 1352 8<
1219 1274 1549 1371 aptabatur
1588 1324 1611 1358 ,
1666 1298 1739 1348 ut
1768 1297 1988 1347 verum
2023 1295 2097 1345 ac
2109 1295 2222 1368 ge·
2305 1273 2371 1345 id
2401 1271 2610 1347 hercle
2724 1271 3099 1367 sapientibus
3127 1270 3465 1348 necess'ario
3498 1272 3582 1347 ab
3622 1276 3747 1349 illo

776 1373 1044 1441 nuinum
1059 1371 1271 1441 nasum
1290 1367 1555 1441 referret
1600 1396 1618 1430 z
1669 1372 2062 1463 Mancipium
2096 1364 2224 1437 hoc
2307 1365 2599 1463 benigno
2664 1364 2813 1438 adiu
2859 1368 3119 1462 Spiritus
3179 1368 3553 1461 vivificantis
3605 1370 3746 1443 Dei

783 1461 994 1535 modo
1026 1462 1168 1558 post
1195 1466 1593 1568 curatjonem
1640 1465 1714 1534 ὃς
1763 1462 2224 1537 remuneratio-

781 1575 935 1623 nem
973 1578 1162 1626 manu
1194 1549 1567 1626 mittebatur
1621 1597 1645 1632 ‚
1687 1570 1878 1645 atque
1908 1548 2222 1644 Neapolin

773 1642 1051 1718 disceffit
1097 1673 1112 1705 ε
1149 1644 1413 1739 Accidit
1428 1665 1639 1716 autem
1689 1695 1714 1726 ,
1753 1667 1824 1714 ut
1837 1645 2225 1737 mancipium

776 1738 1015 1811 morbo
1047 1737 1363 1812 laboraret
1396 1744 1468 1812 &
1512 1757 1865 1812 moreretur
1911 1781 1934 1814 2
1975 1757 2110 1830 quo
2129 1739 2227 1830 ip·
2307 1737 2392 1810 lia
2422 1758 2613 1832 atque
2658 1734 2860 1808 altero
2891 1731 3178 1831 degente
3207 1734 3531 1830 Neapoli)
3562 1737 3748 1835 quod

771 1830 841 1901 so
874 1853 1210 1903 momento
1244 1832 1423 1902 nasus
1451 1829 1681 1904 nobilis
1729 1825 2018 1925 ptaedizsti
2067 1851 2228 1925 gan-
2313 1833 2488 1903 ‘uxta
2504 1833 2608 1903 M·
2631 1824 3132 1927 Fosteridogma
3146 1827 3498 1904 necexcelfi
3514 1829 3750 1904 &sub-

782 1920 986 2031 grenfi
1020 1920 1335 2020 concepti
1347 1921 1771 2017 putrescebat.
1815 1918 2062 1996 Exinde
2077 1944 2227 2018 pars
2305 1856 2486 1996 limes
2518 1925 2840 1995 Hetruriae
2869 1939 3120 1993 montes
3139 1926 3515 2001 ,necetiam
3530 1920 3748 1995 altiffi-

779 2028 885 2088 ieu
906 2025 1122 2111 portio
1154 2015 1280 2088 nafi
1324 2062 1344 2094 ‚
1387 2037 1581 2109 quam
1617 2039 1698 2089 ex
1735 2034 2002 2088 mortuo
2031 2014 2226 2113 poffi·
2306 2021 2402 2090 mi
2427 2020 2752 2110 Appenini
2789 2033 3042 2084 montes
3121 2009 3323 2085 offent
3350 2012 3558 2086 fistere
3589 2038 3749 2087 con·

780 2107 981 2181 debat
1008 2133 1089 2181 ex
1136 2108 1426 2184 Confilio
1476 2110 1852 2184 Doctorum
1891 2104 2222 2192 abscinde·
2306 2111 2553 2182 cursum
2568 2113 2641 2183 δε
2656 2110 3024 2179 motionem
3103 2130 3330 2177 uorum
3365 2105 3598 2179 borum
3629 2108 3668 2177 s
3698 2115 3752 2179 i-

780 2198 963 2273 batur
1010 2253 1031 2282 ,
1073 2223 1267 2299 atque
1301 2200 1433 2295 ipse
1479 2210 1701 2276 animo
1745 2200 1936 2275 alacri
1980 2226 2058 2274 ex
2171 2204 2223 2271 i·
2308 2208 2544 2274 rituum
2587 2248 2612 2282 ,
2658 2201 2762 2272 seu
2807 2202 3025 2292 potius
3039 2202 3219 2271 unius
3235 2199 3517 2296 spiritus,
3549 2205 3617 2272 in
3650 2132 3752 2273 bi-

785 2296 963 2369 entia
1010 2293 1161 2368 ante
1194 2291 1374 2369 dieta
1420 2341 1441 2373 ‚
1484 2291 1853 2394 sequebatur
1890 2295 2063 2366 cons
2091 2299 2226 2366 ‘um

775 2388 1380 2559 θωξῗῖωωέω
1402 2383 1725 2576 ,iix-{¹523
1763 2408 2221 2550 guizi-iffi:

780 2602 890 2651 um
908 2582 979 2650 &
993 2573 1333 2668 applicaret
1365 2571 1588 2642 vulnus
1620 2572 1774 2642 naso
1803 2571 1913 2641 suo
1928 2566 2216 2640 vulnera·

778 2690 854 2751 to
888 2694 963 2744 ac
1006 2664 1302 2738 mutilato
1344 2713 1366 2746 ,
1415 2669 1489 2740 ὃς
1533 2669 1841 2758 patienter
1874 2658 2218 2757 perferret,

2307 1456 2660 1556 procedere
2677 1534 2685 1543 κ
2705 1507 2730 1541 ,
2773 1460 2889 1552 qui
2903 1455 3277 1551 operabatur
3303 1483 3416 1553 per
3444 1467 3619 1533 viam
3649 1469 3748 1534 vi-

2307 1574 2391 1625 tae
2419 1577 2492 1626 ac
2522 1573 2601 1621 ve
2652 1553 2946 1624 erationis
2992 1556 3061 1619 in
3092 1570 3368 1646 utroque
3397 1575 3531 1625 non
3578 1575 3748 1650 ergo

2308 1651 2551 1717 mirum
2560 1656 2622 1718 ei
2669 1652 2829 1727 (uno
2847 1646 3110 1713 vivente
3127 1643 3517 1741 Bulongniae
3531 1652 3598 1718 in
3615 1649 3751 1719 lta-

2312 2301 2409 2367 nis
2442 2318 2553 2367 cot
2645 2287 2816 2363 ribus
2849 2296 3203 2363 continuati
3223 2345 3240 2373 ,
3256 2290 3341 2363 ad
3376 2292 3566 2365 instar
3579 2294 3751 2367 funi-

2310 2387 2435 2459 culi
2471 2391 2508 2457 a
2664 2383 2777 2455 bus
2807 2381 3318 2456 extremitatibus
3347 2384 3585 2456 extensi
3600 2385 3753 2457 adi·
3827 2452 3838 2467 ,

2298 2479 2524 2550 stantia
2541 2497 2676 2546 tarn
2689 2475 3041 2571 longinqua
3072 2502 3095 2545 z
3149 2479 3345 2548 Certe
3381 2473 3489 2548 M:
3524 2479 3755 2552 Foste-

2297 2569 2590 2643 rusdicet
2626 2563 2956 2650 ‚hocesse
2990 2571 3330 2662 Magicurn
3349 2592 3423 2641 ac
3440 2567 3751 2644 Diaboli«

1423 2893 1789 2983 Secunda
1807 2878 2319 2982 ultramarina
2343 2893 2702 2981 Historia
2713 2890 2883 2977 haec
2900 2910 3104 2984 erat.

2305 3097 2652 3207 diligenter
2680 3078 2973 3177 observes
3018 3144 3043 3179 ‚
3093 3090 3339 3171 necess'e
3369 3094 3747 3171 est‘rnotum

881 3104 1056 3176 Cbm
1110 3105 1345 3175 Romae
1391 3101 1695 3200 degerem
1749 3149 1773 3183 2
1847 3099 2224 3175 societatem

2308 3216 2659 3290 corporum
2699 3192 3062 3270 coelestium
3096 3216 3170 3263 ac
3188 3196 3479 3287 inprimis
3496 3188 3645 3264 solis
3672 3197 3749 3267 δᾶ

766 3202 1034 3273 inieram
1066 3218 1215 3267 cum
1233 3192 1486 3267 erudito
1524 3191 1887 3269 admodum
1920 3202 1992 3273 δε
2024 3195 2227 3269 artifi-

767 3290 946 3362 cioso
963 3286 1470 3369 imminuendo
1500 3290 1920 3362 M·Graterus
1966 3334 1988 3369 ,
2019 3295 2223 3361 natio·
2315 3284 2512 3357 Lunae
2545 3333 2569 3370 ,
2618 3293 2769 3362 cum
2798 3287 2926 3359 hoc
2955 3290 3298 3381 peragitur.
3354 3286 3586 3388 Etpro
3618 3282 3750 3357 hoc

764 3407 850 3452 ne
886 3401 1019 3452 erat
1051 3380 1419 3452 Helveticus
1453 3430 1475 3459 ,
1532 3376 1621 3449 ob
1665 3381 2111 3478 insignemque
2158 3381 2225 3451 in
2296 3380 2543 3475 scopo,
2581 3378 2900 3477 aperiebat
2938 3375 3103 3448 mihi
3158 3397 3407 3470 tempus
3451 3399 3749 3448 commo-

762 3471 1130 3548 Mathefi&
1170 3480 1235 3546 in
1256 3495 1391 3547 arte
1408 3477 1776 3545 motionum
1793 3496 1868 3543 ac
1904 3480 2225 3546 inventio-
2247 3422 2274 3723 Ι
2306 3469 2466 3545 dum
2512 3519 2533 3553 2
2585 3473 2845 3571 quando
2888 3475 3192 3543 nimirum
3253 3493 3378 3567 prae
3421 3473 3622 3541 aratio
3665 3465 3752 3541 ad

772 3589 928 3638 num
986 3562 1432 3638 Machinarum
1469 3568 1765 3657 peritiam
1803 3611 1829 3643 ,
1860 3570 1926 3636 in
1976 3587 2223 3660 magno
2305 3565 2634 3659 ejusmodi
2681 3570 3074 3638 curationem
3105 3564 3242 3635 fieri
3284 3561 3367 3634 de
3455 3582 3572 3634 ret·
3623 3560 3755 3636 Sed

771 3679 907 3730 crat
944 3660 1158 3753 pretio
1191 3655 1359 3748 apud
1394 3653 1800 3726 Cardinalem
1840 3660 1905 3728 S.
1930 3663 2221 3755 George.
2309 3656 2473 3752 proh
2494 3654 2683 3730 dolor
2716 3667 2734 3736 2
2779 3657 2980 3750 Qid
3011 3654 3186 3730 feci?
3215 3656 3458 3728 Sufficit
3485 3658 3617 3748 jam
3642 3658 3752 3729 M.

771 3748 1125 3825 Generosos
1141 3744 1248 3816 hic
1265 3791 1286 3825 ‚
1306 3769 1348 3814 o
1395 3749 1632 3816 timum
1659 3769 1770 3816 me
1806 3745 2040 3820 docuit
2073 3755 2224 3821 arti·
2311 3747 2574 3821 Fostero
2605 3795 2630 3829 ,
2669 3771 2740 3823 ut
2772 3748 3110 3823 exclamet
3140 3792 3162 3828 2
3218 3743 3345 3819 hoc
3376 3743 3504 3821 effe
3530 3751 3754 3844 Magi-

770 3844 903 3936 ficij
944 3846 1071 3913 mei
1112 3845 1177 3908 in
1209 3837 1313 3931 eju
1341 3835 1526 3908 modi
1562 3833 1854 3930 praxibus
1888 3864 1911 3909 ε
1950 3845 2023 3913 δε
2053 3842 2226 3914 inter
2308 3862 2487 3911 cum.
3173 3923 3176 3930 ᾗ

772 3957 1000 4008 caetera
1035 3925 1323 4002 tffidebat
1356 3927 1519 4001 mihi
1549 3926 1679 4004 hoc
1718 3935 2226 4027 experimentum
2404 3933 2573 4005 Ecce
2599 3927 2709 4004 bic
2747 3932 3101 4026 superstitio
3131 3933 3198 4000 in
3230 3929 3484 4002 summo
3502 3931 3707 4028 gradu
3730 3934 3764 4016 9,

776 4031 1230 4126 Magneticum
1267 4067 1289 4103 ‚
1329 4042 1635 4118 tanquam
1670 4045 1983 4121 magnum
2019 4023 2227 4100 secre—
2289 4021 2624 4118 ⁴Nunquid
2640 4021 2900 4098 dicebat
2934 4029 3166 4121 pagina
3200 4025 3267 4097 7·
3301 4019 3427 4094 effe
3462 4023 3755 4095 Astrolo-

782 4143 926 4192 tum
965 4169 988 4203 ,
1024 4139 1270 4191 certum
1288 4113 1528 4188 faciens
1553 4138 1699 4194 me,
1791 4111 2087 4188 robatum
2104 4114 2229 4190 effe
2310 4119 2534 4211 gicum
2586 4163 2608 4195 ‚
2658 4142 2734 4190 ac
2763 4113 2856 4189 ob
2906 4118 2979 4189 id
3026 4114 3504 4211 lbperstitiosam
3539 4115 3757 4188 obser-

777 4217 845 4282 in
923 4219 1082 4286 atria
1111 4212 1214 4281 sua
1247 4210 1425 4306 super
1460 4207 1699 4281 multos
1732 4138 1912 4279 felici
1941 4207 2230 4282 cumsuc-
2315 4214 2642 4282 vationem
2663 4209 2897 4290 ,ullum
2913 4210 3217 4307 colligere
3253 4213 3316 4278 in
3371 4206 3617 4282 rediens
3643 4227 3751 4280 aut

779 4327 852 4372 ce
904 4329 969 4378 u.
1029 4300 1335 4392 Qando
1361 4299 1847 4396 (inquit)aliquis
1862 4298 2229 4374 membrum
2363 4299 2569 4374 uidvis
2618 4303 2875 4399 exsequi
2924 4353 2945 4381 ,
2995 4299 3296 4376 attenden
3345 4322 3392 4368 o
3442 4308 3516 4380 ὃς
3562 4324 3754 4395 expe-

774 4391 975 4474 habet
1011 4411 1427 4479 extenuatum
1481 4397 1565 4466 ὃς,
1604 4391 1842 4489 gracile
1875 4441 1898 4475 ‚
1946 4414 2057 4466 aut
2102 4393 2234 4466 alio
2385 4393 2555 4466 ando
2583 4444 2602 4474 ‚
2640 4393 2901 4491 quando
2921 4400 3094 4467 Luna
3125 4391 3251 4466 esse
3275 4391 3543 4467 deberet
3562 4401 3624 4464 in
3646 4392 3754 4463 tali
3831 4469 3840 4477 ,

778 4480 986 4554 modo
1024 4483 1478 4576 consumptum
1510 4528 1534 4562 ,
1565 4508 1635 4556 ut
1668 4480 1999 4556 brachium
2034 4486 2250 4559 exsic-
2313 4505 2424 4555 aut
2455 4486 2561 4557 tali
2601 4487 2809 4560 domo
2854 4488 3101 4560 coelesti
3133 4515 3154 4572 3
3203 4494 3276 4561 δε
3297 4499 3300 4506 “
3323 4508 3405 4558 ex
3442 4487 3756 4586 scripturis

774 4595 989 4646 catum
1010 4575 1333 4646 marasmo
1386 4619 1410 4654 ‚
1464 4598 1605 4648 crus
1636 4628 1661 4659 ‚
1686 4589 1689 4594 ·
1710 4576 1943 4669 pedem
1974 4621 1997 4656 ‚
2030 4578 2131 4649 vel
2150 4578 2228 4649 fi·
2312 4576 2695 4676 Astrologos
2725 4625 2750 4659 ,
2793 4584 3200 4674 Cacomagos
3219 4585 3291 4653 ὃς
3323 4580 3638 4652 veneficos
3668 4575 3777 4654 ad.

773 4667 930 4741 mile
966 4713 989 4746 ‚
1034 4663 1219 4766 quod
1258 4665 1495 4739 medici
1549 4686 1788 4741 vocant
1840 4666 2228 4762 Atrophiam
2307 4668 2500 4738 instar
2550 4678 2767 4744 avium
2825 4677 3006 4742 unius
3072 4671 3490 4765 ejusdemque
3519 4669 3755 4766 pluma:

768 4759 1140 4834 lumborum
1187 4783 1208 4829 ε
1260 4760 1603 4834 Exscindas
1637 4756 2087 4834 neceffeestex
2115 4756 2229 4831 illo
2307 4759 2623 4856 conjungi
2657 4786 2856 4856 atque
2893 4770 2963 4835 in
2994 4785 3193 4835 unum
3222 4761 3546 4843 fafinilum
3576 4760 3756 4836 colli-

2317 4845 2320 4858 i

773 4849 1072 4928 membro
1111 4898 1135 4932 ,
1167 4851 1296 4942 five
1330 4853 1408 4926 sit
1434 4859 1540 4949 prs
1570 4851 1694 4925 five
1730 4850 2228 4934 brachium,un·
2309 4856 2469 4943 gari.
3725 4905 3732 4914 .

1787 4951 1799 4964 “
2406 4944 2706 5042 Dignum
2750 4945 2893 5018 sanc'
2940 4945 3266 5041 expletum
3317 4952 3385 5018 in
3439 4947 3761 5044 generoso

2312 5031 2446 5108 boc
2479 5034 2913 5131 urbanoiejus
2944 5045 3191 5112 caecitas
3223 5039 3410 5113 ducit
3438 5036 3640 5133 ipsum
3673 5038 3757 5112 ad

2314 5124 2443 5199 hoc
2475 5175 2497 5210 ,
2532 5151 2604 5203 ut
2650 5137 2851 5203 etiam
2903 5138 2970 5201 in
3020 5141 3262 5207 caeteris
3300 5160 3321 5206 z
3357 5138 3532 5209 Nam
3565 5180 3588 5214 ,
3621 5139 3753 5224 pri»

2315 5220 2434 5294 mo
2483 5221 2812 5296 concludit
2843 5269 2866 5302 ‚
2899 5248 3164 5295 omnem
3209 5230 3328 5301 Ma
3378 5232 3506 5312 iam
3555 5247 3755 5323 gene-

2313 5311 2526 5386 raliter
2555 5312 2680 5387 effe
2725 5313 3154 5389 damnandam
3200 5343 3277 5390 ac
3385 5315 3748 5397 iabolicam,

2315 5412 2464 5500 quia
2478 5431 2598 5477 una
2614 5407 2848 5501 species
2862 5410 2963 5481 seu
2979 5417 3190 5505 potius
3207 5408 3571 5481 membrum
3588 5411 3749 5502 ejus,

2291 5505 2550 5571 merito
2568 5498 2762 5570 exilio
2796 5502 3341 5577 committendum
3371 5501 3410 5574 έ
3438 5509 3750 5574 memoria

2310 5589 2816 5669 Christianorum
2865 5621 2888 5666 ι
2948 5599 3049 5665 Ac
3100 5595 3146 5666 fi
3180 5620 3311 5668 non
3343 5592 3497 5667 effer
3527 5598 3750 5691 Magia

2310 5683 2603 5760 naturalis
2632 5733 2654 5766 ,
2696 5709 2811 5780 per
2859 5710 3048 5783 quam
3080 5687 3385 5761 Salomon
3419 5709 3749 5782 cognove-

2308 5786 2394 5851 rit
2423 5781 2645 5849 omnia
2670 5785 2747 5850 in
2793 5800 3013 5850 natura
3085 5781 3374 5875 mysteria
3405 5800 3752 5873 eorumque

2307 5873 2744 5969 operatione33
2775 5872 2914 5940 imo
2948 5914 2971 5948 ‚
3021 5872 3299 5948 acfitres
3331 5865 3517 5952 sabaei
3546 5865 3751 5942 divul-

2306 5960 2550 6062 gassent
2565 5986 2640 6034 ac
2659 5959 3024 6035 revelaffent
3040 5989 3261 6038 vetum
3279 5960 3643 6039 Iudaeorum
3656 5987 3754 6035 re-

2303 6081 2462 6155 gem
2517 6077 2738 6130 natum
2791 6052 2917 6130 esse
2959 6080 3071 6154 per
3119 6061 3416 6155 Magiam
3462 6052 3752 6129 Diaboli-

2299 6172 2466 6236 Cam·

2387 6240 2596 6338 ‚Qid
2619 6264 2781 6314 nunc
2799 6254 2831 6318 ἒ
2864 6237 3241 6314 M·Fostere
3260 6278 3282 6331 3
3314 6264 3396 6312 an
3416 6239 3484 6313 hi
3502 6257 3622 6309 tres
3654 6237 3749 6310 sa-

2296 6336 2935 6434 pientes'Cacomagi
2971 6354 3149 6406 erant
3181 6379 3203 6413 ,
3251 6332 3348 6403 vel
3386 6328 3600 6423 quales
3640 6355 3752 6425 ap-

2345 6429 2526 6501 robat
2568 6428 2686 6501 scri
2733 6450 2869 6500 tura
2905 6471 2928 6507 2
2975 6431 3049 6500 8<
3105 6449 3220 6497 nos
3261 6419 3602 6498 Christiani
3638 6447 3753 6495 ce-

2325 6518 2619 6624 ebramvus
2697 6521 2900 6598 'estum
2945 6523 3015 6591 iu
3057 6517 3446 6593 memoriam
3488 6531 3746 6596 eorum?

3574 6611 3746 6690 Vera

772 4971 929 5045 gues
981 4955 1025 5025 ,ἶ
1062 4944 1227 5041 pilos
1279 4947 1383 5022 seu
1477 4966 1678 5019 artem
1721 4947 1995 5041 aliquam
2044 4950 2230 5018 cutis,

771 5060 1058 5136 tuncque
1100 5037 1283 5109 salice
1313 4971 1637 5131 perforata
1669 5034 1917 5107 terebra
1958 5033 2045 5106 ad
2095 5060 2230 5106 me-

774 5129 1009 5204 dullam
1064 5127 1307 5201 arboris
1352 5132 1542 5229 usque
1575 5175 1598 5209 ,
1627 5129 1932 5202 foramini
1986 5132 2231 5198 imittes

778 5221 1068 5298 abscifl'os
1101 5245 1345 5319 ungues
1376 5243 1453 5294 ac
1488 5219 1785 5295 cuticulas
1805 5225 1877 5292 δι
1908 5244 2057 5291 cum
2076 5220 2226 5318 pa'x·

770 5316 887 5388 illo
921 5341 1003 5386 ex
1043 5313 1275 5387 eodem
1304 5314 1491 5413 ligno
1519 5313 1705 5386 facio
1729 5359 1750 5392 ‚
1782 5309 2049 5384 obtura:
2086 5311 2229 5386 Ob·

770 5407 1079 5480 servando
1106 5410 1353 5504 semper
1390 5454 1414 5488 ,
1453 5425 1524 5477 ut
1558 5413 1628 5478 in
1665 5404 1783 5480 hac
1816 5404 2231 5480 affloneluna

767 5502 1017 5573 crescat
1045 5500 1286 5572 lumine
1314 5507 1386 5577 ὃς
1421 5498 1574 5571 boni
1602 5499 1873 5596 planetae
1888 5496 2086 5570 sintin
2104 5500 2230 5598 fig-

739 5611 749 5630 ··
770 5617 861 5662 no
886 5592 1393 5689 multiplicative
1433 5640 1459 5675 ‚
1500 5611 1570 5663 ut
1608 5599 1904 5680 Geminis
1943 5597 2019 5667 &
2073 5590 2227 5665 for-

770 5689 973 5753 tunati
1026 5692 1098 5756 δε
1153 5705 1443 5777 potentes
1490 5685 1666 5780 super
1710 5686 2025 5756 saturnum
2055 5736 2078 5770 ,
2113 5691 2228 5785 qui

768 5798 1038 5871 magnus
1069 5774 1158 5846 est
1193 5776 1481 5849 ficcator.
1571 5776 1865 5850 Eundem
1914 5775 2225 5854 efl'ec'tum

768 5869 1049 5966 (inquit)
1089 5872 1156 5942 in
1234 5886 1303 5938 te
1376 5867 1811 5965 deprehendes
1844 5915 1866 5951 ‚
1893 5868 1940 5942 fi
1991 5877 2223 5970 ungui-

768 5964 881 6032 bus
945 5985 1037 6044 ac„
1095 5958 1235 6054 pilis
1295 5961 1331 6029 a
1377 5958 1677 6046 membro
1720 5962 1987 6038 exsectis
2018 5965 2219 6039 inclu-
2255 5905 2272 6084 Ι

765 6056 909 6126 seris
930 6056 1133 6126 radici
1152 6051 1384 6151 Corgli
1419 6099 1441 6137 ,
1479 6052 1804 6128 claudatur
1817 6050 2020 6154 probe
2043 6057 2216 6130 fora-

749 6157 913 6230 men
960 6171 1108 6236 cnm
1142 6143 1382 6222 arboris
1404 6152 1663 6230 ,cortice
1701 6155 1775 6225 δε
1811 6170 1947 6221 tum
1996 6150 2214 6245 postea

761 6258 924 6309 terra
944 6236 1419 6335 cooperiend03
1461 6246 1535 6315 δε
1572 6244 1810 6405 (ἰηίέιίῑ
1836 6239 1965 6330 ille)
1984 6242 2215 6340 probaq-

762 6350 900 6400 rum
950 6330 1044 6404 est
1080 6337 1476 6424 ,experientia
1526 6379 1549 6413 ‚
1600 6358 1689 6429 qu
1736 6332 1784 6405 d
1836 6389 1855 6419 ‚
1900 6353 1981 6408 ‚ut
2024 6336 2216 6419 arbor

761 6421 1056 6519 quotidie
1092 6424 1316 6494 crescit
1342 6449 1419 6497 ac
1456 6424 1646 6498 floret
1680 6474 1705 6510 ,
1742 6426 1829 6500 fic
1862 6432 2059 6500 etiam
2108 6453 2217 6524 pa-

771 6523 937 6611 tiens
974 6513 1193 6588 sensim
1230 6514 1561 6593 sanitatem
1594 6515 1986 6612 recuperabit
2018 6548 2047 6595 ι
2090 6521 2216 6600 Sed

2218 6696 2228 6707 ι
