4264 7052
1534 388 1976 481 saon-c
1997 384 2202 475 1AE
2244 378 3156 494 warmume.

2101 556 2514 632 CAPVT.
2559 554 2724 627 111.
2787 592 2790 595 >
3183 544 3186 545 ⁷
3251 538 3256 547 ⁴

1072 748 1077 763 ·
1168 697 1268 783 In
1289 680 1424 799 que
1430 680 1824 800 probatur,
1848 680 2100 763 contra
2119 668 2515 790 sponngeri
2550 666 2763 785 nostri
2777 667 3161 785 opinionem
3186 723 3212 764 ‚
3238 652 3562 772 Spiritus

1766 793 1846 874 in
1849 789 2193 907 separato
2215 783 2570 901 sanguine
2591 780 2904 896 relidere.

1954 963 2199 1038 Testem
2220 957 2411 1029 nudus
2430 951 2799 1028 Flnddanus.

900 1140 907 1141 ff
980 1104 1048 1178 N
1071 1032 1481 1199 sanguineest
1507 1087 1758 1189 spiritns
1771 1086 1924 1162 vita:
1945 1076 2338 1188 ‚decumlu-
2416 1068 3092 1184 occultummodum.‘

885 1111 1123 1285 Icida
1152 1198 1366 1265 anima
1406 1183 1691 1265 habitat,
1710 1198 2129 1280 operaturque
2155 1191 2339 1269 lma
2366 1081 2388 1267 l

1388 1447 1397 1464 .
1991 1357 2308 1448 Colleffio
2329 1359 2424 1444 Fo
2481 1356 2764 1441 ariana.

982 1550 1383 1675 insanguine
1413 1542 1639 1624 vitares
1676 1506 2711 1639 spiritoetefidmt,1niv1t'aubus
2743 1521 3063 1632 spiritibus
3099 1510 3856 1609 animamodoocenffls

1735 1722 1969 1811 Anus
1982 1722 2288 1842 spongiae
2308 1717 2462 1836 ejus
2473 1709 3028 1826 muncfi‘ficanttlr.
3109 1788 3114 1797 .

2226 1919 2530 2022 fusterna.

966 2102 1197 2174 Tertio
1209 2099 1363 2175 loco
1385 2117 1561 2195 nego
1580 2139 1604 2176 ‚
1619 2086 1782 2164 unos
1802 2083 2060 2185 spiritus
2074 2075 2342 2161 relidere
2422 2077 2629 2163 nullos
2655 2091 3000 2155 remanere,
3014 2065 3270 2170 spiritus
3286 2112 3311 2151 ‚
3336 2064 3633 2165 dicitque
3650 2065 3868 2159 necipss

885 2198 957 2263 in
971 2193 1277 2305 sanguine
1297 2193 1580 2289 separato
1596 2231 1619 2267 ‚
1648 2189 1719 2260 δι
1736 2182 2135 2257 Casmannus
2148 2179 2237 2250 im
2249 2178 2340 2252 as·
2424 2178 2563 2251 sum
2577 2162 2933 2251 Diabolum
2951 2163 3130 2264 poffc
3147 2185 3366 2266 patere
3379 2160 3486 2234 vei
3510 2161 3871 2237 conservare

884 2286 1130 2362 severat
1163 2315 1188 2372 ς
1236 2309 1305 2357 m
1342 2279 1622 2380 par-tibus
1672 2279 1963 2377 separatis
1994 2277 2035 2348 a
2072 2294 2345 2373 corpore
2424 2267 2784 2367 uuosinijs.

2071 2460 2398 2571 Spongiae
2434 2455 2763 2562 extorfio.

2243 2620 2490 2697 fanda.

981 2762 1229 2841 Videtis
1262 2756 1375 2830 hic
1392 2769 1695 2851 tyronem
1710 2748 1885 2826 bunc
1901 2747 2064 2823 nihil
2085 2745 2353 2830 habere,
2436 2760 2617 2818 curat
2632 2740 2854 2816 omnia
2868 2763 2892 2810 ε
2909 2735 3146 2811 namin
3160 2757 3244 2808 eo
3261 2731 3406 2806 solo
3428 2723 3697 2805 vitaest.
3712 2732 3893 2831 figo

877 2883 1016 2959 quo
1027 2856 1322 2927 sustineat
1351 2852 1527 2921 suum
1575 2847 1825 2946 dogma
1843 2892 1865 2928 ,
1882 2842 1999 2917 nifi
2013 2841 2145 2941 ipse
2156 2841 2349 2916 dixit:
2437 2841 2688 2936 spiritus
2723 2833 3080 2907 vivificans.
3112 2829 3431 2904 Praeterea
3465 2828 3630 2896 novi
3657 2844 3795 2923 ego
3823 2830 3892 2900 δε
3927 2794 4051 2853 ¹⁰⁸³·

879 2947 1062 3047 quod
1076 2948 1125 3018 fi
1154 2943 1287 3017 hoc
1303 2942 1563 3017 deficiat
1582 2988 1605 3023 ,
1637 2941 1842 3015 valeat
1854 2945 2068 3014 omnis
2086 2934 2356 3008 ulterior
2440 2933 2721 3031 proprijs
2734 2926 2940 3002 oculis
2960 2922 3095 2996 vidi
3114 2942 3427 3018 magnam
3440 2918 3777 3012 spirituum
3792 2939 3899 2988 co·

885 3034 1430 3137 exspeffltio.8cd
1451 3034 1799 3132 probatum
1816 3032 1973 3105 dato
1992 3031 2155 3105 hanc
2172 3028 2359 3126 ipfim
2443 3033 2619 3123 piam
2643 3072 2664 3107 ,
2680 3025 2793 3123 qui
2812 3021 3146 3095 afflvitaoe
3176 3022 3199 3086 i
3253 3019 3351 3085 nis
3370 3010 3476 3082 vel
3493 3014 3726 3110 exigui
3737 3014 3904 3082 cxci.

740 3192 743 3199 ›
878 3143 955 3211 δε
975 3131 1265 3231 magistri
1279 3134 1414 3224 ejus
1446 3124 1858 3202 affertionem
1875 3123 2005 3201 effe
2020 3144 2360 3198 erroneam
2442 3126 2564 3195 tati
2594 3121 2741 3194 sunt
2775 3138 2859 3187 ex
2885 3107 3146 3185 essentia
3243 3112 3500 3205 nguinls
3531 3106 3906 3201 corrugati&

508 5107 762 5168 Sapua.

514 5835 765 5885 1.Cor.22·

510 5902 615 5960 Sap,
627 5898 785 5946 1610·

518 6578 709 6639 sapae.

2441 3211 2646 3315 adipis
2661 3254 2686 3305 3
2704 3216 2819 3290 ita,
2835 3227 2911 3281 ut
2921 3201 3189 3279 naturali
3212 3223 3436 3274 manus
3450 3197 3671 3297 calore
3687 3202 3753 3267 in
3769 3195 3900 3266 for·

2443 3330 2553 3379 ma
2587 3326 2930 3405 parvorum
2945 3314 3316 3371 atomorum
3330 3291 3446 3365 vifi
3465 3289 3716 3362 fuerint
3727 3287 3902 3362 salta·

2442 3425 2513 3475 rc
2553 3424 2630 3473 ac
2665 3401 2745 3471 tri
2794 3393 3013 3469 udiare
3049 3396 3120 3464 in
3139 3389 3284 3462 a'e're
3303 3385 3529 3482 ‚quod
3549 3378 3902 3459 evidensest

2438 3491 2721 3593 signum,
2749 3494 3005 3587 piritum
3021 3491 3174 3559 vitae
3185 3477 3561 3554 delitescere
3573 3484 3643 3552 in
3661 3477 3902 3575 sangui-

2443 3611 2524 3660 ne
2538 3605 2807 3659 mortuo
2829 3628 2852 3662 ‚
2865 3581 3018 3654 licet
3037 3593 3335 3675 appareat
3348 3571 3573 3645 saltem
3590 3576 3900 3670 potentia·

2441 3679 2591 3755 liter
2622 3683 2693 3750 in
2723 3673 2984 3749 effentia
3017 3695 3056 3743 c
3221 3671 3306 3739 ris
3337 3672 3598 3738 mortui
3631 3662 3906 3763 respectu

2442 3773 2666 3845 nostri.
2710 3771 2954 3842 lterum
2980 3763 3111 3836 fnifi
3299 3764 3389 3832 ita
3406 3756 3708 3840 efl'et,an
3722 3752 3904 3855 poffi·
3945 3809 3956 3823 .

876 3227 1119 3321 triplici
1157 3229 1287 3297 via.
1346 3222 1568 3295 Primo
1604 3229 1854 3294 ratione
1881 3215 2355 3318 philosophica:

880 3342 1035 3391 nam
1054 3324 1207 3390 cum
1229 3313 1537 3411 quaelibet
1568 3332 1898 3409 amputata
1918 3331 2139 3383 natura
2159 3307 2241 3382 ab
2257 3316 2359 3406 ip·

875 3413 951 3484 so
979 3419 1133 3482 vivo
1144 3427 1384 3480 trunco
1406 3404 1958 3503 multiplicationis
1976 3406 2099 3475 suae
2115 3403 2357 3497 replea-

876 3523 985 3576 tur
1002 3504 1127 3578 sale
1173 3498 1514 3572 balsamico
1536 3518 1782 3573 naturae
1799 3496 2041 3572 arboris
2058 3499 2162 3570 seu
2176 3494 2359 3591 plan·

878 3616 967 3668 tae
990 3646 1010 3676 ,
1050 3602 1087 3668 ὲ
1123 3617 1248 3688 qua
1267 3589 1626 3670 oriebatur,
1732 3617 1761 3662 r
1798 3613 1997 3687 quem
2031 3590 2250 3662 existit
2263 3587 2361 3672 id,

880 3686 1064 3781 quod
1099 3703 1314 3755 revera
1331 3680 1420 3753 est
1437 3728 1456 3760 ‚
1492 3683 1602 3750 vix
1671 3688 1765 3753 eri
1782 3682 1996 3775 potest
2022 3727 2043 3762 ,
2113 3687 2225 3754 uin
2245 3680 2358 3755 ha·

887 3780 1038 3851 beat
1073 3774 1158 3848 de
1193 3774 1409 3869 spiritu
1427 3775 1579 3843 vitae
1594 3772 1719 3844 suae
1743 3775 1955 3846 solitae
1972 3778 2042 3841 in
2087 3796 2126 3845 e
2151 3818 2175 3853 ,
2204 3775 2361 3848 licet

888 3853 2363 4051 ”0⁰ssatassziffize3szzssr‘irgwt
2441 3861 2604 4050 affl&
2588 3862 2685 4024 τι
2699 3857 3610 4022 timenem:
3626 3846 3904 4013 effi

891 4056 1073 4133 unde
1098 4055 1242 4125 satis
1276 4053 1351 4121 δε
1382 4044 1465 4118 ad
1480 4049 1775 4123 nauseam
1812 4051 2001 4122 antea
2017 4046 2365 4147 probatum
2447 4042 2604 4118 mile
2622 4048 2934 4117 nutriatur
3070 4038 3256 4112 suum
3272 4031 3518 4110 fimile?
3539 3991 3777 4133 duod
3789 4030 3903 4108 effe

892 4151 1015 4229 est)
1033 4148 1279 4243 sanguis
1292 4137 1586 4250 prpfiasus
1618 4148 1693 4217 8<
1727 4166 1880 4217 caro
1893 4141 2105 4216 occisa
2120 4142 2370 4219 scatent
2449 4160 2585 4211 non
2604 4132 2926 4236 possem·
3015 4138 3094 4204 in·
3113 4130 3420 4236 sanguine
3439 4178 3460 4208 ‚
3482 4149 3765 4201 carneae
3778 4125 3902 4200 adi·

895 4237 1221 4335 spiritibus
1252 4230 1489 4304 vividis
1506 4277 1529 4313 ,
1546 4231 1701 4316 licet
1732 4242 1802 4310 in
1834 4235 1959 4309 illis
1992 4254 2369 4309 remaneant
2451 4229 2944 4328 penatnraloe&
2960 4221 3203 4299 vivifici
3220 4227 3470 4319 ipiritus
3481 4219 3903 4294 debitescere't

945 4327 1339 4434 Oteqqaliter
1356 4351 1381 4397 ἓ
1405 4322 1649 4419 aliOqui
1682 4372 1706 4409 2
1744 4354 1860 4402 cur
1876 4327 2369 4403 interdiceretur
2449 4321 2532 4396 ad
2546 4320 3053 4397 conservandum
3066 4312 3184 4390 fibi
3202 4313 3402 4388 fimile
3417 4321 3484 4386 in
3503 4333 3790 4389 creatura
3811 4317 3905 4384 vi·

894 4357 1191 4529 fsraelms
1228 4461 1250 4496 2
1286 4437 1372 4487 ne
1390 4413 1817 4527 comederent
1832 4431 1915 4495 ex'
1932 4419 2123 4518 adipe
2138 4425 2214 4498 &
2230 4422 2367 4495 san·
2450 4436 2649 4491 vente
2668 4440 2688 4489 ε
2709 4440 2784 4490 ac
2796 4413 3136 4516 propterea
3158 4435 3280 4481 una
3315 4408 3553 4504 species
3567 4413 3773 4481 carnis
3791 4425 3905 4477 nu-

897 4533 1094 4612 gurne
1110 4520 1141 4585 ἓ
1155 4513 1329 4584 Nam
1347 4506 1589 4611 dicitur
1607 4554 1629 4588 ‚
1649 4521 1795 4604 quia
1812 4517 2068 4608 sanguis
2083 4515 2177 4587 est
2192 4513 2369 4586 sedes
2451 4514 2567 4584 trit
2582 4517 2656 4588 δε
2673 4508 3007 4582 bominem
3033 4511 3106 4579 δε
3122 4501 3385 4574 brutum
3400 4546 3421 4580 ‚
3439 4501 3681 4597 piscem
3697 4524 3774 4571 ac
3789 4520 3905 4568 vo-

898 4612 1130 4679 animae
1159 4607 1261 4676 ieu
1307 4606 1456 4674 vitae
1484 4602 1772 4695 spiritus:
1813 4625 1965 4674 nam
1985 4604 2194 4680 ‚nine
2216 4613 2370 4675 vitae
2451 4599 2702 4676 luerem
2730 4595 3090 4692 3eo,quod
3132 4591 3705 4691 omneshispiritus
3722 4608 3902 4663 natu·-

894 4702 1144 4797 spiritus
1158 4691 1464 4768 evolasset
1493 4691 1746 4777 abillo,
1769 4692 1947 4794 quod
1962 4716 2112 4766 nam
2136 4714 2363 4789 pecca-
2397 4657 2422 4923 Ι
2449 4693 2607 4764 tales
2661 4694 2787 4766 fint
2836 4698 3024 4767 unius
3077 4693 3331 4786 generis
3369 4709 3446 4757 ac
3479 4684 3900 4757 conditionis:

898 4815 1041 4864 tum
1059 4785 1266 4862 flasset
1298 4782 1651 4859 comechffe
1688 4811 1772 4859 ex
1803 4813 1886 4862 eo
1912 4798 1944 4864 ἲ
1977 4783 2367 4860 SedTextus
2447 4804 2667 4854 nonne
2699 4786 2794 4855 est
2821 4826 2845 4863 2
2877 4782 3151 4850 obsecro
3185 4826 3209 4858 ,
3239 4778 3441 4873 vulgo
3471 4777 3902 4856 manifestum,

2452 4896 2709 4946 carnem
2737 4897 2816 4944 ac
2843 4870 3095 4966 adipem
3115 4869 3231 4938 soli
3265 4869 3575 4959 exposita,
3591 4875 3731 4938 cito
3747 4891 3901 4938 con-

2456 4971 2624 5038 verti
2642 4970 2709 5036 in
2723 4959 3103 5052 vermiculos
3119 4966 3300 5030 vivos
3321 4971 3352 5032 ἲ
3453 4956 3594 5030 uod
3607 4960 3751 5030 fieri
3767 4984 3897 5032 non

2456 5056 2662 5155 poffet
2677 5107 2697 5137 ,
2721 5057 2832 5130 nifi
2863 5057 2901 5129 s
2934 5059 3112 5126 iritus
3128 5056 3280 5123 vitae
3314 5050 3429 5122 resi
3474 5069 3611 5122 eret
3630 5057 3697 5122 in
3715 5076 3898 5125 carne

2458 5157 2530 5227 &
2547 5150 2741 5248 adipe
2761 5199 2782 5231 ,
2799 5175 2886 5247 po
2914 5150 3137 5241 {quam
3169 5160 3451 5216 creatum
3465 5164 3604 5214 erat
3621 5165 3891 5226 mortua;

899 4891 1030 4958 air:
1054 4904 1205 4953 nam
1220 4878 1314 4954 est
1327 4877 1505 4952 sedes
1520 4884 1695 4960 vitae,
1721 4903 1793 4951 ac
1810 4878 2082 4977 proinde
2104 4874 2370 4951 manda-

898 4996 1005 5049 tur
1022 4974 1188 5073 ipsis,
1208 4992 1278 5044 ut
1293 4968 1689 5068 profundant
1706 4976 1772 5041 in
1792 4993 2058 5044 terram.
2093 4975 2369 5048 Iterum,

901 5065 1283 5165 respondeat
1298 5062 1381 5137 ad
1418 5060 1551 5134 haec
1567 5062 1856 5135 Fosterus
1875 5064 2089 5139 noster
2106 5090 2129 5135 z
2148 5064 2371 5153 Incor⁶

902 5186 1017 5256 rup
1025 5158 1219 5234 tibilis
1235 5161 1366 5229 Dei
1388 5155 1646 5249 spiritus
1661 5155 1754 5227 est
1771 5161 1839 5227 in
1858 5154 2373 5249 omnibusAErgo

902 5260 968 5327 in
985 5248 1518 5350 languineeffuso
1535 5292 1558 5328 ‚
1580 5270 1770 5319 carne
1790 5248 2015 5346 ‚adipe
2030 5271 2108 5320 ac
2131 5244 2369 5322 offibus
2452 5246 2598 5316 imo
2633 5242 2902 5341 quidem
2942 5238 3077 5310 vidi
3112 5244 3434 5345 integram
3451 5259 3709 5309 vaccam
3725 5261 3892 5311 mor·

900 5355 940 5420 a
960 5368 1108 5420 toto
1147 5344 1437 5440 separatis
1477 5366 1497 5412 t
1533 5363 1610 5413 ac
1633 5338 1961 5435 postremo
1979 5343 2368 5438 experientia
2452 5355 2632 5409 tuam
2654 5383 2675 5419 ‚
2689 5359 2884 5435 quam
2900 5331 3032 5407 Soli
3053 5354 3130 5402 ex
3226 5337 3314 5401 lui
3329 5327 3409 5400 ad
3427 5347 3678 5400 certum
3696 5336 3897 5402 inten-

900 5442 1152 5542 vulgari
1176 5464 1189 5498 =
1212 5459 1361 5509 nam
1381 5440 1766 5513 invenimus,
1783 5435 2054 5534 adipem
2075 5479 2097 5513 ,
2115 5434 2369 5531 sangui·
2449 5448 2590 5502 tum
2609 5476 2630 5510 ‚
2644 5437 2713 5503 in
2731 5443 2946 5502 totum
2979 5431 3000 5509 (
3022 5420 3135 5494 ossi
3188 5446 3258 5492 us
3273 5426 3556 5516 exceptis
3576 5420 3616 5500 )’
3637 5443 3897 5492 conver-e

902 5558 1053 5606 nem
1090 5556 1165 5603 ac
1201 5533 1586 5602 mummiam
1606 5525 1927 5626 poffidere
1947 5527 2366 5624 proprietates
2399 5556 2424 5863 ι
2453 5524 2586 5594 sam
2616 5520 2804 5595 fuiffe
2832 5530 2899 5595 in
2933 5514 3312 5587 animalcula
3343 5516 3720 5585 verminosa.
3751 5516 3894 5586 Evi-

902 5623 1166 5696 curandi
1218 5620 1556 5721 fingulares
1576 5666 1598 5700 2
1632 5644 1783 5717 quas
1818 5627 1928 5693 vix
1968 5618 2199 5693 babere
2223 5618 2368 5715 pos·
2431 5612 2611 5688 ‘dens
2623 5615 2765 5688 sane
2794 5626 3245 5711 argumentum
3282 5608 3628 5702 praesentia:
3659 5607 3894 5699 spiritus

905 5721 1045 5790 sent
1066 5763 1086 5797 ,
1108 5714 1154 5785 fi
1169 5736 1394 5786 omnes
1416 5715 1703 5807 spiritus,
1743 5737 1907 5809 quos
1925 5710 2374 5810 recipiebanta
2455 5710 2701 5782 vivifici
2735 5714 3009 5779 incame
3039 5721 3339 5778 mortua,
3359 5695 3892 5770 sanouine&adi·

907 5820 1064 5887 vivo
1100 5827 1368 5900 corpore
1402 5852 1423 5884 ‚
1455 5802 1840 5882 exhalassent
1871 5833 1893 5879 ε
1928 5805 2037 5904 sed
2058 5806 2151 5879 est
2172 5801 2373 5876 solum
2457 5825 2539 5898 pe
2559 5830 2580 5887 3
2604 5803 2747 5874 imo
2760 5795 3000 5873 hercle,
3017 5791 3369 5872 observavi,
3384 5760 3733 5863 Bal'samum
3751 5793 3893 5861 Tri-

909 5906 1199 5982 officium
1237 5894 1743 5990 incorruptibilis
1780 5903 2026 5997 spiritus
2062 5905 2137 5972 &
2173 5893 2372 5972 Verbi
2459 5901 2577 5966 tici
2606 5896 2807 5989 usque
2834 5887 2998 5960 adeo
3033 5892 3098 5956 in
3118 5910 3201 5957 eo
3234 5883 3678 5964 abundat-emt
3716 5932 3735 5961 ‚
3768 5881 3893 5952 fiin

906 6005 1141 6076 sanare:
1171 6015 1244 6062 ac
1262 5997 1605 6086 propterea
1620 5996 1773 6064 cum
1791 5995 1928 6064 haec
1950 5989 2378 6087 ingredientia
2461 6010 2699 6083 aquam
2734 5980 3074 6082 pluvialem
3108 5984 3476 6141 igidponatur
3498 6025 3519 6060 ,
3549 5974 3724 6048 brevi
3740 5992 3892 6045 tem·

3093 6094 3122 6138 r

911 6092 1186 6168 habeant
1212 6080 1470 6179 sanandi
1510 6091 2006 6181 proprietatem,
2030 6079 2379 6155 necessario
2462 6086 2637 6177 poris
2676 6071 3012 6152 intervallo
3213 6091 3362 6144 ucat
3395 6093 3640 6144 vermes
3678 6064 3902 6137 oblon-

2461 6197 2586 6270 gos
2621 6171 2846 6243 caloris
2883 6165 3010 6236 albi
3061 6170 3102 6236 i.
3127 6161 3417 6234 Eundem
3433 6163 3741 6236 effectum
3758 6179 3903 6226 earo

2442 6263 2765 6359 ,producit
2868 6260 2921 6331 st
2943 6255 3508 6355 putrefactionem.
3613 6265 3901 6328 uaretam

2463 6377 2713 6430 certum
2737 6363 2794 6428 ei
2861 6403 2882 6436 ‚
2910 6355 3101 6447 quam
3138 6352 3588 6425 certiffimum,
3649 6345 3901 6436 piritum

912 6185 1307 6282 participent
1341 6196 1609 6285 oportet
1624 6185 1692 6248 in
1735 6177 1855 6251 hac
1870 6200 2088 6248 earum
2106 6174 2377 6249 ‘existen-

911 6287 997 6351 tia
1019 6297 1169 6346 cum
1205 6268 1501 6341 benefico
1521 6268 1651 6341 hoc
1685 6269 1904 6368 spiritu
1925 6315 1948 6349 ‚
1965 6273 2144 6365 cujus
2159 6287 2380 6339 natura

915 6374 1007 6443 est
1045 6359 1360 6459 expellere
1393 6387 1466 6433 ac
1484 6362 1703 6434 tollere
1738 6386 2006 6436 omnem
2022 6369 2380 6456 corruptio-

906 6488 1055 6536 nem
1073 6480 1147 6531 ac
1178 6452 1488 6524 morbum
1510 6453 1756 6549 aliaque
1792 6452 2259 6548 impedimenta
2273 6476 2378 6524 na·
2416 6495 2432 6546 ,
2463 6458 2618 6522 vitae
2635 6444 2757 6521 effe
2775 6454 2842 6518 in
2860 6447 3163 6539 sanguine
3181 6465 3441 6517 mortuo
3457 6447 3526 6513 δε
3546 6435 3756 6530 adipe;
3774 6441 3900 6502 imo

905 6554 1156 6629 ruralia.
1210 6543 1499 6621 Verbum
1530 6566 1710 6622 tuum
1757 6553 1996 6644 (inquit
2030 6545 2363 6632 Salomon)
2398 6550 2421 6728 ι
2454 6552 2525 6620 δε
2553 6549 2620 6613 in
2656 6543 3036 6644 grano,qui
3074 6533 3230 6611 licet
3276 6557 3408 6612 non
3444 6521 3900 6637 opereturmifi

2673 6667 2688 6678 ·
3213 6667 3220 6672 ·
3503 6693 3512 6700 ,
3602 6637 3897 6695 excitetur
