4264 7052
1297 334 2075 508 EXPRESSIO‘
2125 402 2306 484 ME
2333 398 2424 483 M
2450 404 2536 513 Β,
2573 397 2704 507 ιι.

530 541 693 613 vera
754 539 1059 614 monachi
1116 534 1445 609 Mersenni
1506 535 1681 607 fimia
1733 545 1751 613 !
1805 558 1956 608 nam

3104 440 3109 445 .
3199 410 3227 431 τ
3319 466 3336 487 ⁰
3355 430 3382 482 Ι
3436 456 3457 476 .

2140 538 2338 638 Qid
2392 535 2676 612 dicemus
2727 535 2810 609 ad
2833 405 3478 648 agricolaelsgsl‘erffa‘

525 637 793 709 damnat
810 656 1076 705 omnem
1095 632 1389 726 Magiam
1427 627 1557 699 fine
1573 627 1712 699 ullis
1732 630 1967 725 specie·-
2041 637 2255 705 tiones
2274 650 2643 725 temporum
2664 652 2840 713 ,tam
2865 634 3254 712 inserendo,
3325 638 3480 707 narn

526 752 673 799 rum
712 719 1196 821 exceptionibus
1241 766 1272 800 2.
1308 740 1499 819 atque
1541 724 1633 792 ita
1663 745 1793 792 non
1826 746 1965 792 me-
2044 728 2112 796 in
2134 723 2446 797 metendo
2492 738 2525 803 ?
2564 728 2632 800 Si
2667 724 2944 795 hoenon
2981 725 3296 799 sufficiata
3369 726 3484 798 ad-

528 820 1049 914 minit,Magum
1072 814 1307 910 lingua
1324 813 1568 886 Persica
1589 811 1712 884 effe
1727 814 1965 907 sapien·
2059 817 2311 910 versarij
2372 818 2572 890 nostri
2619 814 2987 887 violentiam
3033 814 3367 890 fistendam
3411 824 3480 890 ἃ

529 928 665 982 tem
697 912 797 983 seu
823 907 1216 981 sacerdotem
1240 930 1263 974 ι
1296 910 1366 976 ὅτ.
1384 912 1522 998 pari
1535 903 1965 976 modobonus
2047 906 2583 1002 compescendam
2603 900 2960 988 ,veniemus
2974 907 3056 980 ad
3092 910 3276 981 sacrae
3295 911 3484 1002 scrip-

525 1000 634 1079 hic
646 1009 738 1075 vir
752 1026 938 1076 more
970 998 1257 1096 magistri
1272 995 1359 1066 sui
1392 995 1742 1067 damnatae
1758 999 1967 1090 reijcit
2041 1021 2200 1072 turae
2245 999 2610 1073 testimonia
2647 1023 2776 1096 pro
2823 1001 3312 1074 confirmatione
3343 985 3482 1071 tarn

527 1120 799 1168 omnem
830 1091 1269 1187 Astrologiam
1304 1136 1324 1167 ,
1367 1088 1504 1180 ejus
1529 1085 1805 1160 membri
1817 1111 1960 1185 gra·

528 1197 659 1275 tia-4,
679 1185 862 1287 quod
892 1184 1039 1255 vere
1057 1178 1550 1279 superstitiosum
1569 1202 1644 1250 ac
1659 1178 1962 1252 illicitum

525 1285 618 1358 est
635 1324 658 1365 ‚
671 1304 806 1354 non
835 1270 1294 1350 considerando
1316 1319 1336 1351 ‚
1352 1277 1687 1345 veritatem
1703 1277 1771 1343 in
1789 1291 1965 1346 utro-

572 1404 649 1449 ue
669 1427 690 1459 ‚
720 1395 854 1447 tam
886 1377 953 1439 in
987 1372 1252 1464 Magia,
1278 1386 1475 1459 quarn
1508 1369 1573 1433 in
1593 1362 1961 1463 Astrologia

616 1469 684 1543 {b
710 1466 1209 1539 contaminatam
1242 1462 1313 1530 δ(
1346 1463 1415 1527 in
1431 1453 1696 1530 abusum
1716 1478 1960 1554 raptam

431 1622 436 1627 -
525 1562 701 1639 effea
722 1549 1491 1647 mundanissuperstitiofis
1523 1596 1545 1630 ‚
1583 1569 1776 1646 atque
1808 1547 1960 1623 hinc

435 1699 441 1705 ·
529 1656 771 1727 caui‘am
792 1641 1145 1742 processiffe
1163 1690 1185 1722 ‚
1200 1640 1447 1712 bonain
1465 1642 1663 1713 oculis
1679 1648 1962 1739 imperiti

525 1747 849 1822 abhorreri
877 1764 954 1812 ac
983 1736 1269 1811 damnari
1301 1781 1324 1815 ‚
1349 1757 1499 1804 cum
1549 1737 1732 1807 malis
1767 1780 1789 1816 ‚
1823 1760 1962 1809 ma.

409 1868 413 1876 ’
526 1841 738 1914 lorum
791 1837 997 1934 gratia
1040 1856 1066 1903 ·.
1130 1847 1326 1922 atque
1372 1823 1541 1897 bunc
1585 1835 1650 1898 in
1685 1827 1957 1902 modum

524 1935 778 2009 bonitas
829 1919 1196 1998 absorbetur
1233 1918 1317 1990 ab
1343 1974 1348 1979 .
1370 1917 1735 1991 hominibus
1780 1928 1961 1994 nauci

524 2051 639 2125 per
666 2017 957 2101 tenebras
988 2014 1115 2089 fine
1146 2011 1281 2086 ullo
1324 2017 1598 2088 omnino
1646 2013 1962 2087 discrimi-

524 2142 793 2287 ne'Scire
838 2211 1034 2305 igitur
1062 2195 1299 2275 vellem
1349 2200 1813 2299 antagonistam
1841 2224 1961 2275 no·

520 2308 721 2381 strum
749 2294 1193 2396 spongiferum
1222 2339 1246 2375 ‚
1280 2313 1552 2391 quatuor
1586 2292 1711 2368 effe
1741 2293 1962 2367 Astro-

524 2401 719 2498 logiae
772 2394 1007 2487 species
1050 2393 1117 2458 in
1152 2408 1409 2484 genere.
1467 2388 1653 2458 Prior
1680 2389 1962 2459 versatur

518 2500 688 2565 cirea
729 2482 893 2559 a‘etis
938 2485 1368 2551 mutationem
1411 2520 1435 2555 ‚
1474 2483 1549 2551 δε
1597 2474 1958 2568 ρτπάἰέὶίο·

520 2609 672 2658 nem
710 2573 1160 2681 tempestatum
1180 2608 1203 2648 ,
1231 2566 1610 2639 morborum
1627 2611 1652 2645 ‚
1684 2570 1963 2637 caritatis

516 2696 812 2751 annonae.
834 2674 939 2738 seu
952 2660 1295 2736 fertilitatis
1315 2665 1450 2745 &cz
1492 2654 1964 2749 Secundaprae·

518 2768 689 2845 dicit
717 2762 1120 2837 alterationes
1144 2773 1220 2821 ac
1257 2752 1639 2820 mutationes
1657 2745 1955 2824 statuum,

519 2880 597 2931 ut
620 2865 818 2932 etiam
854 2846 1173 2922 bellorum
1204 2841 1310 2913 seu
1340 2837 1763 2935 dispositionis
1792 2844 1961 2933 paci⁶

520 2957 665 3026 ficae
699 2955 766 3020 in
799 2933 1118 3015 mentibus
1149 2931 1519 3005 hominurn.
1580 2933 1801 3001 Tertia
1835 2935 1957 3001 ini·

517 3055 892 3155 terpretatur
922 3028 1272 3139 eled-tiones
1305 3043 1688 3135 temporum
1734 3027 1808 3098 &
1842 3046 1954 3097 na..

471 3210 475 3223 ,
512 3146 887 3211 tivitatum:
925 3119 1171 3198 Vltima
1199 3116 1501 3216 dmgitur
1526 3113 1610 3187 ad
1642 3112 1957 3190 fabncan.

510 3325 598 3394 εὸ
620 3312 831 3413 ,quod
865 3311 927 3382 se
956 3308 1156 3401 ipsam
1190 3303 1414 3377 miscet
1426 3325 1579 3374 cum
1597 3302 1956 3377 actionibus

505 3402 943 3509 superstitiosis
974 3407 1046 3474 δέ
1078 3396 1249 3468 fabia
1266 3395 1357 3467 est
1373 3397 1479 3467 seu
1495 3390 1756 3467 deflexit
1771 3398 1837 3463 in
1858 3402 1953 3467 in-

508 3504 926 3578 strumentum
956 3490 1039 3566 ad
1062 3487 1323 3562 abusum
1353 3494 1427 3563 Sc
1456 3484 1819 3560 scandalum
1833 3495 1956 3563 im.

505 3605 765 3696 piorum
804 3590 1148 3661 bominum
1165 3629 1187 3664 ‚
1205 3606 1278 3654 ac
1292 3583 1600 3679 praecipue
1618 3626 1639 3661 ,
1651 3584 1796 3678 quia
1810 3582 1960 3656 infi-

510 3695 733 3761 nuatio
782 3678 1130 3757 Diabolica
1172 3673 1257 3746 ad
1286 3680 1521 3747 vitium
1554 3677 1628 3747 δε
1663 3682 1755 3745 im
1801 3683 1958 3750 ieta·

511 3776 864 3863 tem,faci1e
877 3764 1266 3868 deprehendi
1288 3765 1495 3863 potest
1509 3773 1578 3837 in
1595 3765 1697 3840 illa
1716 3791 1751 3837 a
1811 3794 1958 3842 om-

508 3873 695 3946 nibus
740 3875 904 3942 veris
948 3860 1317 3940 Christianis
1372 3906 1395 3939 ‚
1453 3857 1836 3955 repudianda
1885 3887 1959 3936 ac

503 3990 625 4062 pro
643 3965 860 4038 illicita
876 3959 968 4034 est
981 3957 1090 4049 reij
1099 3951 1347 4029 cienda.
1368 3949 1570 4046 Qid
1588 3956 1735 4026 ?An
1748 3955 1885 4027 Scri
1934 3998 1960 4011 -

505 4079 723 4130 torum
776 4047 1303 4128 Calendariorum
1350 4046 1607 4115 scientia
1654 4040 1743 4114 ob
1776 4044 1855 4114 ha
1886 4070 1959 4117 ce

509 4149 754 4221 Posteri
800 4144 999 4216 nostri
1040 4142 1447 4232 exceptiones
1482 4182 1503 4214 ,
1548 4131 1959 4230 abroganda?

510 4244 621 4313 An
656 4236 899 4310 medici
926 4249 1241 4329 cogentur
1275 4224 1631 4319 relinquere
1661 4247 1737 4294 ac
1753 4224 1957 4323 negli-

418 4403 427 4408 -
563 4355 667 4405 ere
700 4330 885 4401 horas
918 4323 1267 4398 Electionis
1302 4318 1420 4392 suae
1451 4323 1516 4386 in
1557 4313 1960 4389 Collioendis

502 4358 910 4592 {manem
948 4376 1959 4601 ,uqssmgbu‘f'fi

816 4587 821 4598 .
1681 4546 1706 4586 2

510 4609 748 4686 stendis
770 4538 1221 4677 [axgrionibus
1268 4646 1290 4679 ,
1333 4615 1441 4667 aut
1483 4610 1780 4669 ventrem
1815 4593 1955 4669 red·

513 4701 735 4778 dendo
766 4697 1037 4772 fluidum
1056 4709 1320 4791 propter
1337 4692 1504 4761 tanti
1524 4692 1640 4757 viri
1661 4685 1960 4763 dehorta-

512 4805 765 4869 tionem
811 4805 843 4869 ?
884 4799 1122 4869 Nonne
1156 4791 1398 4854 amicus
1430 4778 1835 4856 medicorum
1869 4782 1958 4852 as-

513 4893 759 4963 severat
794 4933 820 4971 ,
858 4882 1013 4958 coeli
1066 4875 1463 4950 influentiam
1515 4873 1736 4964 juvare
1756 4906 1761 4912 ¹
1783 4871 1957 4968 poffe

2044 1090 2377 1166 elefflonis
2391 1109 2752 1188 temporum
2797 1140 2821 1173 ‚
2893 1098 3086 1190 quam
3104 1091 3185 1164 ad
3216 1090 3488 1191 proban-

2042 1181 2202 1257 dum
2219 1230 2241 1266 2
2273 1183 2633 1259 influentias
2647 1185 2808 1258 'coeli
2842 1191 3090 1282 operari
3109 1206 3241 1257 tam
3258 1185 3402 1258 beni
3406 1208 3484 1279 g-

2043 1300 2164 1349 nos
2211 1327 2237 1359 ,
2277 1282 2476 1373 quam
2508 1276 2825 1373 malignos
2861 1275 3164 1351 effeetus.
3229 1273 3492 1373 .Qod
3513 1254 3739 1323 E‘d‘sd·

2045 1369 2127 1441 ad
2157 1375 2440 1466 primum
2485 1415 2509 1450 ,
2548 1366 2800 1442 dierum
2837 1371 2942 1445 ‘est
2981 1395 3004 1442 z
3054 1369 3484 1466 Estssplantan-

2047 1460 2121 1533 di·
2166 1481 2416 1559 tempus
2447 1468 2522 1536 &
2551 1482 2803 1559 tempus
2835 1461 3199 1560 extirpandi
3241 1508 3261 1540 ,
3293 1459 3480 1560 quod

2046 1553 2174 1627 fuit
2220 1554 2576 1651 plantatum
2620 1601 2642 1636 ,
2679 1555 2777 1627 est
2829 1575 3078 1652 tempus
3114 1552 3259 1642 belli
3289 1560 3361 1627 &z
3394 1554 3488 1626 est
3546 1628 3554 1637 ,
3723 1600 3727 1608 ·

2045 1668 2301 1743 tempus
2331 1655 2505 1744 pacis
2538 1653 2674 1722 &a
2715 1652 2806 1719 Et·
2828 1646 3132 1744 syracides
3170 1673 3192 1717 s
3222 1653 3287 1717 in
3310 1645 3490 1730 bono
3515 1643 3747 1707 neclecti
3843 1708 3854 1713 ,

2051 1740 2201 1821 die,
2230 1747 2481 1837 inquit,
2509 1740 2812 1829 frueteeo
2832 1784 2854 1822 ‚
2885 1740 3069 1834 quod
3101 1738 3348 1812 bonum
3368 1735 3484 1819 est,

2049 1839 2125 1909 sc
2162 1858 2316 1913 cave
2345 1836 2384 1905 a
2415 1831 2705 1929 maligno
2736 1830 2846 1903 die
2887 1878 2910 1912 ,
2951 1853 3019 1902 nt
3052 1836 3246 1904 Deus·
3279 1854 3480 1902 unum
3573 1898 3580 1911 ,

2051 1933 2290 1998 creavit
2334 1962 2371 2005 ‚·
2394 1926 2481 2000 fic
2514 1934 2712 1998 etiam
2739 1924 3011 1996 alterum
3029 1923 3389 1996 ordinavitx
3411 1929 3486 1997 <Sc
3595 1988 3604 1997 ,

2051 2022 2145 2093 D.
2183 2018 2406 2091 Paulus
2436 2017 2578 2090 vult
2603 2037 2724 2089 nos
2751 2013 2933 2087 indui
2962 2019 3138 2089 scuto
3171 2020 3304 2089 Dei
3345 2062 3368 2095 ‚
3413 2033 3496 2085 ut·
3516 2033 3737 2108 apheca

2044 2109 2351 2208 ponimus
2383 2110 2660 2197 resistere,
2687 2104 2976 2182 Diabolo
2993 2115 3075 2179 in
3092 2107 3484 2180 dieinfortu-
3531 2182 3536 2189 ,

2049 2224 2208 2276 nato
2253 2233 2272 2269 ε
2318 2209 2460 2279 Iam
2493 2208 2694 2300 igitur
2726 2248 2749 2281 ‚
2786 2200 2841 2273 fi
2864 2199 3076 2274 Stellae
3106 2200 3226 2273 fint
3264 2198 3485 2273 distin-

2054 2297 2286 2371 &tices
2299 2321 2376 2369 ac
2411 2296 2602 2369 duces
2634 2317 2998 2391 temporum
3049 2332 3072 2374 ⁵
3122 2314 3192 2364 ut
3225 2295 3484 2377 Moyses

2049 2387 2236 2462 nobis
2264 2386 2556 2485 perhibet
2576 2387 2939 2465 ‚influentia
2958 2384 3104 2477 sanc'
3130 2386 3257 2457 five
3272 2385 3348 2456 fit
3367 2385 3486 2455 bo·

2050 2503 2131 2547 na
2145 2483 2271 2549 five
2284 2481 2450 2548 mala
2471 2526 2494 2559 ,
2507 2501 2627 2571 pro
2662 2477 2805 2565 illis,
2824 2475 3033 2551 bonos
3065 2476 3166 2550 vel
3178 2477 3376 2550 malos
3393 2475 3484 2548 faa

2050 2572 2143 2636 cit
2173 2566 2463 2662 Angelos
2475 2564 2725 2634 habere
2758 2565 2894 2654 plus
2932 2576 3217 2641 minusve
3249 2574 3486 2641 Domi·

2045 2657 2689 2820 ἒῖἕεξῖξέἕέῗὲῗῗ
2721 2652 3486 2823 ζβῗεὲζῗῖκῗᾶἓὶἔ

2045 2835 2143 2909 dis
2175 2840 2487 2913 testantur
2518 2861 2538 2908 :
2571 2768 2757 2909 1)ξῖῑέ
2776 2789 2880 2911 est
2912 2834 3299 2914 custostu‘us‘
3318 2877 3340 2922 ⁵
3379 2838 3491 2914 Sol
3522 2853 3808 2917 rfilmazx·

2045 2928 3488 3097 22⁰„232021ss12232ff2253‘12essaske

2046 3137 2278 3193 notum
2321 3163 2343 3195 ‚
2389 3122 2639 3189 Lunam
2665 3112 2790 3188 effe
2836 3118 3085 3189 causam
3111 3123 3207 3215 Ep
3363 3088 3411 3120 ο

2048 3310 2213 3415 citur
2233 3350 2281 3414 ·,
2324 3299 2658 3398 poffefl'um
2676 3299 2883 3410 illurn,
2903 3299 3083 3413 fuisse
3099 3305 3485 3381 lunaticum?

2041 3394 2350 3469 Sirmhtcr
2380 3391 2501 3467 effe
2519 3392 2715 3466 bonas
2750 3390 3103 3467 influentias
3131 3395 3215 3470 de
3229 3395 3488 3493 desuper

2043 3485 2174 3562 hoc
2198 3486 2348 3561 Iobi
2389 3493 2597 3561 Textu
2642 3490 2926 3585 arguitur
2978 3516 2995 3549 ε
3053 3489 3246 3563 Potes
3278 3505 3358 3561 ne
3386 3478 3486 3561 jn'.
3517 3474 3791 3553 tob.38.213
3909 3492 3919 3506 ’

2046 3587 2355 3680 tercipere
2411 3577 2758 3675 jucundam
2832 3581 3164 3655 Pleiadum
3221 3585 3489 3659 influena

2046 3680 2207 3747 tiam
2253 3729 2273 3759 ,
2322 3696 2432 3746 aut
2467 3679 2729 3747 Orionis
2750 3674 3001 3746 vincula
3026 3677 3266 3750 solvere
3301 3691 3332 3754 ὶ
3366 3679 3494 3750 Po·

2048 3771 2225 3842 resne
2258 3765 2610 3865 producere
2658 3767 3044 3840 Mazzaroth
3078 3775 3144 3840 in
3185 3772 3297 3842 suo
3331 3790 3494 3842 tern-

2048 3884 2206 3956 pore
2251 3875 2282 3939 ?
2331 3858 2599 3943 Potesne
2633 3863 2826 3929 etiam
2875 3858 3246 3931 ‘conducere
3291 3861 3500 3930 ardin-

2051 3978 2197 4024 rum
2250 3973 2403 4023 cum
2456 3949 2604 4039 filijs
2658 3951 2793 4037 ejus
2841 3960 2870 4020 Ρ
2924 3949 3199 4020 Nostine
3243 3952 3495 4021 cursum

2048 4044 2201 4114 coeli
2246 4056 2277 4116 Ρ
2329 4060 2436 4109 aut
2468 4058 2652 4131 potes
2687 4035 2972 4130 regulam
3010 4038 3171 4110 illius
3190 4060 3372 4111 tcrrae
3388 4063 3496 4137 ap-

2091 4153 2285 4204 onere
2328 4143 2359 4206 ?
2406 4136 2539 4201 &c=
2637 4130 2711 4196 In
2763 4133 2890 4197 hoc
2935 4128 3250 4223 siquidem
3282 4136 3346 4202 T
3345 4154 3496 4206 extu

2172 4224 2473 4296 eficarum
2493 4215 2810 4290 stellarum
2824 4220 3494 4308 influentiarummen.

2044 4321 2291 4388 tionem
2305 4316 2440 4388 fieri
2457 4317 2822 4383 invenimus
2864 4337 2886 4382 z
2933 4321 3006 4389 δε
3038 4312 3145 4386 hic
3166 4324 3362 4390 etiam
3383 4343 3491 4389 exd

2043 4405 2245 4506 preffe'
2264 4424 2516 4480 notatur
2532 4454 2560 4487 ,
2575 4403 2778 4476 coelos
2797 4413 3115 4499 potentias
3149 4409 3280 4483 suas
3293 4408 3485 4485 habe-

2046 4525 2115 4573 re
2132 4502 2310 4599 super
2327 4519 2547 4572 terras.
2833 4584 2838 4588 q

2070 4596 2075 4602 ’
2139 4592 2460 4667 Audacter
2492 4597 2704 4692 itaque
2744 4589 2995 4668 affirmo
3032 4630 3054 4673 5
3091 4615 3358 4668 omnem
3403 4590 3496 4675 A«

2044 4686 2422 4785 strologiam
2490 4710 2625 4757 non
2682 4685 2981 4756 interdici
3032 4709 3151 4757 nec
3218 4691 3488 4758 vetitam

2044 4778 2169 4850 csse
2214 4823 2238 4856 ‚
2291 4796 2594 4869 quatenus
2642 4775 2999 4848 observatio
3050 4776 3326 4868 specialis
3378 4775 3489 4846 ha·

2046 4867 2180 4936 beri
2223 4863 2434 4958 potest
2495 4870 2534 4937 a
2585 4865 2961 4962 sapientibus
3007 4866 3091 4940 de
3156 4868 3485 4942 influentia

516 4986 966 5079 operationem
1022 4969 1358 5044 medicinae
1404 4979 1435 5039 ἓ
1493 4967 1670 5034 Nam
1705 4964 1955 5055 (inquit
2038 4953 2374 5030 Stellarum
2419 4982 2435 5016 =
2493 4964 2563 5031 δε
2599 4982 2721 5051 pto
2758 4954 2886 5033 hoc
2904 4962 3097 5057 scopo
3122 4960 3330 5035 ‚horaz
3361 4957 3484 5034 ele-

514 5078 685 5170 ipsc)
726 5064 1151 5164 saepenumero
1180 5056 1470 5128 laxativae
1506 5047 1841 5123 medicinae
1869 5047 1951 5120 ab
2038 5048 2287 5121 &tiones
2330 5047 2476 5120 sunt
2521 5048 2750 5122 debito
2793 5050 2999 5125 modo
3045 5050 3481 5134 observandae,

512 5157 1031 5330 mma,
960 5161 1146 5343 aa
1149 5143 1954 5331 mam
2031 5142 2220 5331 ἑξεῖ
2246 5139 2791 5310 beenan
2822 5259 3207 5312 m,

514 5356 723 5423 ticum
757 5343 1108 5419 effefihlms
1138 5353 1330 5430 atque
1375 5335 1468 5399 ita
1494 5326 1950 5420 impediuntur:
2086 5333 2176 5398 tia
2204 5326 2318 5401 est.
2383 5330 2643 5424 ‘Iterum
2682 5377 2705 5412 ,
2749 5326 3276 5427 quandoquidem
3310 5378 3332 5412 ‚
3364 5337 3475 5405 M.

432 5467 441 5480 ’
515 5440 797 5517 similiter
852 5438 1065 5530 inquit
1106 5450 1128 5495 ε
1162 5420 1718 5521 Qandocunque
1750 5419 1957 5496 medi·
2095 5419 2335 5522 osterus
2364 5419 2674 5513 aspernari
2715 5420 2965 5498 videtur
3009 5445 3116 5492 η.
3156 5425 3333 5524 figna
3348 5431 3479 5498 20⁴

516 5543 663 5608 cina
695 5530 879 5604 datur
906 5527 987 5599 ad
1018 5521 1361 5598 sistendum
1404 5564 1428 5600 ,
1483 5518 1639 5585 cum
1672 5513 1829 5589 coeli
1859 5521 1955 5585 in·
2044 5509 2307 5585 diacalia
2363 5517 2435 5588 &
2484 5510 2828 5590 essentiales
2882 5538 3109 5588 eorum
3163 5523 3478 5614 operatio-

518 5630 779 5703 fluentia
811 5617 1247 5699 ostlubrica&
1284 5610 1800 5684 laxativa&tunc
1813 5632 1954 5703 per·
2046 5628 2158 5679 nes
2193 5605 2371 5699 super
2404 5622 2598 5677 terras
2649 5637 2671 5692 3·
2726 5605 2940 5680 videat
2969 5657 2991 5687 ,
3026 5632 3134 5682 eos
3172 5657 3194 5691 ‚
3219 5617 3328 5706 qui
3364 5631 3481 5681 no-

514 5722 617 5796 dit
640 5717 954 5793 effectum
984 5714 1159 5785 suum
1198 5701 1543 5777 medicina.
1584 5702 1669 5772 Et
1684 5704 1849 5775 hanc
1864 5697 1956 5771 ob
2045 5719 2138 5770 tas
2181 5700 2312 5769 suas
2351 5696 2694 5771 allaterales
2739 5699 3031 5773 fecerunt
3072 5701 3253 5798 super
3308 5707 3481 5776 Texa

516 5814 763 5888 causam
808 5807 980 5903 Halij
1030 5801 1228 5877 refert
1269 5847 1290 5879 2
1336 5792 1624 5872 medicus
1667 5791 1950 5869 Astrolo-
2044 5812 2186 5864 tum
2240 5842 2260 5873 2
2311 5795 2708 5885 interpretari
2759 5791 3028 5867 verbum
3066 5794 3169 5868 seu
3207 5791 3480 5869 vocabu-

517 5892 1243 6006 giaeimperims‚similis
1267 5888 1546 5963 estcaeco
1567 5886 1836 5969 ‚baculo
1852 5890 1955 5958 via
2040 5883 2174 5956 lum
2226 5881 2608 5955 Mazzarorh
2664 5938 2686 5963 ,
2735 5886 2918 5980 quod
2981 5888 3301 5983 significet
3371 5906 3479 5977 με..

484 5968 888 6093 exploranti.
933 5995 1020 6062 Et
1045 5987 1433 6062 Ptolomaeus
1449 6032 1472 6066 ,
1497 5977 1738 6052 bonum
1756 5977 1951 6052 astroa
2040 5977 2219 6075 figna
2257 6027 2275 6058 2
2319 6000 2465 6074 quae
2508 5975 2824 6071 poffident
2872 5998 2971 6047 ια.
3015 5986 3249 6055 domos
3275 5980 3472 6054 coele..

514 6091 741 6191 logum
757 6104 1039 6157 avertere
1070 6076 1245 6174 posse
1264 6072 1502 6146 multos
1519 6072 1790 6148 effeEius
1810 6072 1954 6146 stel·
2038 6070 2158 6142 stes
2198 6096 2221 6153 3
2265 6093 2395 6166 qno
2427 6068 2735 6141 conceffo
2769 6117 2790 6152 ,
2817 6069 3080 6145 observa
3125 6072 3472 6145 conclusio-r

513 6184 720 6257 larum
735 6179 1008 6251 futuros.
1052 6181 1288 6250 Nonne
1305 6164 1573 6239 Galenus
1604 6173 1677 6243 &r
1704 6170 1947 6262 Hippo·
2039 6167 2132 6232 nis
2161 6167 2444 6234 Textum
2478 6187 2497 6232 ε
2531 6162 2804 6239 Potesne
2834 6164 3126 6260 maulam,
3152 6185 3470 6259 apponere·

522 6300 722 6351 crates
756 6274 897 6344 satis
935 6269 1235 6361 superque
1267 6259 1456 6332 verba
1484 6260 1730 6334 faciunt
1746 6262 1810 6329 in
1833 6263 1953 6329 suis
2034 6275 2218 6325 terrae
2273 6267 2304 6329 ἓ
2351 6257 2449 6323 Ex
2496 6253 2722 6348 quibus
2767 6224 3013 6331 constat
3064 6299 3087 6338 ,
3144 6279 3249 6334 η.

522 6373 776 6440 Criricis
812 6356 1293 6436 rraeiationibus
1323 6352 1407 6424 de
1440 6349 1804 6426 necestitate
1833 6350 1950 6423 ob-
2034 6347 2267 6419 habere
2305 6345 2591 6446 regulam
2636 6346 2964 6441 specialem
3003 6350 3177 6447 supet
3227 6371 3466 6424 terram

519 6461 881 6533 servationis
900 6459 1096 6530 Lunae
1111 6469 1324 6528 motus
1358 6442 1623 6520 28edut
1638 6445 1944 6520 transeam
2041 6451 2112 6515 <Sc
2151 6462 2455 6512 creaturas
2488 6441 2618 6510 inii]
2704 6463 2732 6506 r
2768 6484 2791 6518 ,
2823 6439 3018 6536 idque
3047 6469 3158 6540 per
3189 6449 3324 6520 Dei
3355 6441 3468 6516 de-

517 6549 684 6624 haec.
2034 6535 2435 6612 stinationem
2456 6539 2618 6611 &or
2667 6539 3041 6610 mationem.
3343 6579 3350 6586 f
3541 6579 3548 6582 -

458 6675 465 6681 ’
2393 6651 2398 6654 “
2750 6627 2808 6696 Ε
2852 6646 2889 6720 3
3231 6626 3468 6701 1⁷2<th

509 3229 627 3302 dos
645 3218 1062 3301 characteres
1079 3266 1100 3295 ,
1116 3210 1319 3310 figina
1335 3220 1405 3285 δε
1419 3213 1735 3319 imagines
1751 3254 1772 3287 ‚
1790 3232 1959 3302 quae,
2045 3209 2180 3286 Vbi
2211 3208 2582 3304 planiffimis
2617 3204 2843 3280 verbis
2859 3212 2923 3277 in
2965 3118 3487 3308 Evangefflffiiz
3515 3274 3532 3283 f.

3288 6260 3470 6356 σεῦα
